<record><leader>00000cas a22000007a 4500</leader><controlfield tag="001">14088402</controlfield><controlfield tag="008">860814d19051907paudn ne      0    0eng d</controlfield><datafield ind1=" " ind2=" " tag="010"><subfield code="a">sn 86081745 </subfield></datafield><datafield ind1=" " ind2=" " tag="040"><subfield code="a">NPH</subfield><subfield code="b">eng</subfield><subfield code="c">NPH</subfield><subfield code="d">OCLCQ</subfield></datafield><datafield ind1=" " ind2=" " tag="042"><subfield code="a">msc</subfield></datafield><datafield ind1="0" ind2=" " tag="130"><subfield code="a">Valley record (Sayre, Pa.)</subfield></datafield><datafield ind1="1" ind2="4" tag="245"><subfield code="a">The valley record.</subfield></datafield><datafield ind1=" " ind2=" " tag="260"><subfield code="a">[Sayre, Pa.] :</subfield><subfield code="b">J.H. Murrelle,</subfield><subfield code="c">1905-</subfield></datafield><datafield ind1=" " ind2=" " tag="300"><subfield code="a">v. ;</subfield><subfield code="c">58 cm.</subfield></datafield><datafield ind1=" " ind2=" " tag="310"><subfield code="a">Daily (except Sunday)</subfield></datafield><datafield ind1="0" ind2=" " tag="362"><subfield code="a">Vol. 1, no. 1 (May 8, 1905)-</subfield></datafield><datafield ind1="1" ind2=" " tag="362"><subfield code="a">Ceased in 1907.</subfield><subfield code="z">Cf. Rossell, G. Pa. newspapers.</subfield></datafield><datafield ind1=" " ind2=" " tag="752"><subfield code="a">United States</subfield><subfield code="b">Pennsylvania</subfield><subfield code="c">Bradford</subfield><subfield code="d">Sayre.</subfield></datafield><datafield ind1="0" ind2="7" tag="785"><subfield code="t">Daily times (Sayre, Pa.)</subfield><subfield code="w">(DLC)sn 87078008</subfield></datafield><datafield ind1="0" ind2="7" tag="785"><subfield code="t">Daily times-record</subfield><subfield code="w">(DLC)sn 86081744</subfield></datafield></record>